<?xml version="1.0" encoding="UTF-8"?><collection xmlns="http://www.loc.gov/MARC21/slim"><record><leader>00346nam--2200133-i-4500</leader><controlfield tag="001">000028306</controlfield><controlfield tag="002">20161230</controlfield><controlfield tag="005">20161230201037</controlfield><controlfield tag="008">060222s1000------------r-----000-0-eng-d</controlfield><datafield ind1=" " ind2=" " tag="080"><subfield code="a">621.375.82</subfield></datafield><datafield ind1=" " ind2=" " tag="100"><subfield code="a">Leinwoll, Stanley</subfield></datafield><datafield ind1=" " ind2=" " tag="245"><subfield code="a">Understanding laser and masers</subfield></datafield><datafield ind1=" " ind2=" " tag="260"><subfield code="a">New York, John F.Rider Publ.Inc., 1965, Viii + 87p</subfield></datafield><datafield ind1=" " ind2=" " tag="852"><subfield code="a">22394</subfield></datafield></record></collection>